@ARTICLE{Palmeri2011,
      author = {Palmeri, Mark L and Wang, Michael H and Rouze, Ned C and Abdelmalek,
              Manal F and Guy, Cynthia D and Moser, Barry and Diehl, Anna Mae and
                      Nightingale, Kathryn R},
        title = {{Noninvasive evaluation of hepatic fibrosis using acoustic radiation
                force-based shear stiffness in patients with nonalcoholic fatty liver
                        disease.}},
          journal = {J. Hepatol.},
            year = {2011},
              volume = {55},
                pages = {666--672},
                  number = {3},
                    month = sep,
                      abstract = {Nonalcoholic fatty liver disease (NAFLD), the most common form of
                              chronic liver disease in developed countries, may progress to nonalcoholic
                                      steatohepatitis (NASH) in a minority of people. Those with NASH are
                                          at increased risk for cirrhosis and hepatocellular carcinoma. The
                                              potential risk and economic burden of utilizing liver biopsy to stage
                                                  NAFLD in an overwhelmingly large at-risk population are enormous;
                                  thus, the discovery of sensitive, inexpensive, and reliable noninvasive
                                          diagnostic modalities is essential for population-based screening.},
                        doi = {10.1016/j.jhep.2010.12.019},
                          issn = {0168-8278},
                            keywords = {ARFI,Aspartate Aminotransferases,Aspartate Aminotransferases: blood,Body
                                    Mass Index,Elasticity Imaging Techniques,Fatty Liver,Fatty Liver:
                                            blood,Fatty Liver: complications,Fatty Liver: pathology,Female,Humans,Liver
                                                Cirrhosis,Liver Cirrhosis: diagnosis,Liver Cirrhosis: etiology,Liver
                                                    Cirrhosis: pathology,Male,Platelet Count,Prospective Studies,QIBA,Retrospective
                                                        Studies,Sensitivity and Specificity,arfi imaging,crypto-,elasticity,hepatic
                                                            fibrosis,holic steatohepatitis,liver,nonalco-,nonalcoholic fatty
                                                                liver disease,r21\_derm,shear wave,stiffness,ultrasound},
                              mendeley-tags = {ARFI,QIBA,liver,r21\_derm},
                                pmid = {21256907},
                                  publisher = {European Association for the Study of the Liver},
}

